<record><leader>00000cas a2200000 a 4500</leader><controlfield tag="001">34888961</controlfield><controlfield tag="008">960607d19811993miuwr ne      0    0eng c</controlfield><datafield ind1=" " ind2=" " tag="010"><subfield code="a">sn 96076680 </subfield></datafield><datafield ind1=" " ind2=" " tag="040"><subfield code="a">MHN</subfield><subfield code="b">eng</subfield><subfield code="c">MHN</subfield><subfield code="d">OCL</subfield><subfield code="d">OCLCQ</subfield><subfield code="d">MHN</subfield><subfield code="d">OCL</subfield><subfield code="d">OCLCQ</subfield></datafield><datafield ind1=" " ind2=" " tag="042"><subfield code="a">pcc</subfield></datafield><datafield ind1=" " ind2=" " tag="043"><subfield code="a">n-us-mi</subfield></datafield><datafield ind1="0" ind2=" " tag="130"><subfield code="a">Weekly news (Bridgeport, Mich.)</subfield></datafield><datafield ind1="1" ind2="0" tag="245"><subfield code="a">Weekly news.</subfield></datafield><datafield ind1="3" ind2=" " tag="246"><subfield code="a">Bridgeport Birch Run weekly news</subfield></datafield><datafield ind1=" " ind2=" " tag="260"><subfield code="a">Bridgeport, Mich. :</subfield><subfield code="b">Saginaw Valley News</subfield></datafield><datafield ind1=" " ind2=" " tag="300"><subfield code="a">v.</subfield></datafield><datafield ind1=" " ind2=" " tag="310"><subfield code="a">Weekly</subfield></datafield><datafield ind1="0" ind2=" " tag="362"><subfield code="a">Issue 44 (Nov. 4, 1981)-iss. 44 (Nov. 1, 1993).</subfield></datafield><datafield ind1=" " ind2=" " tag="515"><subfield code="a">Numbering restarts with Issue 1 each year. Some issues include volume number.</subfield></datafield><datafield ind1=" " ind2=" " tag="580"><subfield code="a">Formed by the union of: Birch Run banner, and: Future views.</subfield></datafield><datafield ind1=" " ind2="0" tag="651"><subfield code="a">Bridgeport (Mich.)</subfield><subfield code="v">Newspapers.</subfield></datafield><datafield ind1=" " ind2="0" tag="651"><subfield code="a">Birch Run (Mich.)</subfield><subfield code="v">Newspapers.</subfield></datafield><datafield ind1=" " ind2="0" tag="651"><subfield code="a">Saginaw County (Mich.)</subfield><subfield code="v">Newspapers.</subfield></datafield><datafield ind1=" " ind2=" " tag="752"><subfield code="a">United States</subfield><subfield code="b">Michigan</subfield><subfield code="c">Saginaw</subfield><subfield code="d">Bridgeport.</subfield></datafield><datafield ind1="1" ind2="4" tag="780"><subfield code="t">Birch Run banner</subfield></datafield><datafield ind1="1" ind2="4" tag="780"><subfield code="t">Future views</subfield><subfield code="w">(DLC)sn 96076679</subfield><subfield code="w">(OCoLC)34888844</subfield></datafield><datafield ind1="1" ind2=" " tag="029"><subfield code="a">AU@</subfield><subfield code="b">000012570448</subfield></datafield></record>